% book
% Required fields: author or editor, title, publisher, year. 
% Optional fields: volume or number, series, address, edition, month, note.

% article
% Required fields: author, title, journal, year. 
% Optional fields: volume, number, pages, month, note.
@article{pasquini2021media,
  title={Media forensics on social media platforms: a survey},
  author={Pasquini, Cecilia and Amerini, Irene and Boato, Giulia},
  journal={EURASIP Journal on Information Security},
  volume={2021},
  number={1},
  pages={1--19},
  year={2021},
  publisher={SpringerOpen}
}

@article{verdoliva,  
    author={Verdoliva, Luisa},  
    journal={IEEE Journal of Selected Topics in Signal Processing},   
    title={Media Forensics and DeepFakes: An Overview},   
    year={2020},  
    volume={14},  
    number={5},  
    pages={910-932},  
    doi={10.1109/JSTSP.2020.3002101}
}

@article{shullani2017vision,
  title={VISION: a video and image dataset for source identification},
  author={Shullani, Dasara and Fontani, Marco and Iuliani, Massimo and Shaya, Omar Al and Piva, Alessandro},
  journal={EURASIP Journal on Information Security},
  volume={2017},
  number={1},
  pages={1--16},
  year={2017},
  publisher={SpringerOpen}
}

@article{lopez2020digital,
  title={Digital video source identification based on container’s structure analysis},
  author={L{\'o}pez, Raquel Ramos and Luengo, Elena Almaraz and Orozco, Ana Lucila Sandoval and Villalba, Luis Javier Garc{\'\i}a},
  journal={IEEE Access},
  volume={8},
  pages={36363--36375},
  year={2020},
  publisher={IEEE}
}

@article{rouhi2021no,
  title={No matter what images you share, you can probably be fingerprinted anyway},
  author={Rouhi, Rahimeh and Bertini, Flavio and Montesi, Danilo},
  journal={Journal of Imaging},
  volume={7},
  number={2},
  pages={33},
  year={2021},
  publisher={MDPI}
}

@article{caldelli2017image,
  title={Image origin classification based on social network provenance},
  author={Caldelli, Roberto and Becarelli, Rudy and Amerini, Irene},
  journal={IEEE Transactions on Information Forensics and Security},
  volume={12},
  number={6},
  pages={1299--1308},
  year={2017},
  publisher={IEEE}
}

@article{amerini2019social,
  title={Social network identification through image classification with CNN},
  author={Amerini, Irene and Li, Chang-Tsun and Caldelli, Roberto},
  journal={IEEE access},
  volume={7},
  pages={35264--35273},
  year={2019},
  publisher={IEEE}
}

@article{mullan2019forensic,
  title={Forensic source identification using JPEG image headers: The case of smartphones},
  author={Mullan, Patrick and Riess, Christian and Freiling, Felix},
  journal={Digital Investigation},
  volume={28},
  pages={S68--S76},
  year={2019},
  publisher={Elsevier}
}

@article{verde2021multi,
  title={Multi-clue reconstruction of sharing chains for social media images},
  author={Verde, Sebastiano and Pasquini, Cecilia and Lago, Federica and Goller, Alessandro and De Natale, Francesco GB and Piva, Alessandro and Boato, Giulia},
  journal={arXiv preprint arXiv:2108.02515},
  year={2021}
}

% conference
% same as inproceedings
% Required fields: author, title, booktitle, year. 
% Optional fields: editor, volume or number, series, pages, address, month, organization, publisher, note
@inproceedings{bertini2015profile,
  title={Profile resolution across multilayer networks through smartphone camera fingerprint},
  author={Bertini, Flavio and Sharma, Rajesh and Iann{\`\i}, Andrea and Montesi, Danilo},
  booktitle={Proceedings of the 19th International Database Engineering \& Applications Symposium},
  pages={23--32},
  year={2015}
}

@inproceedings{rafi2019application,
  title={Application of DenseNet in Camera Model Identification and Post-processing Detection.},
  author={Rafi, Abdul Muntakim and Kamal, Uday and Hoque, Rakibul and Abrar, Abid and Das, Sowmitra and Laganiere, Robert and Hasan, Md Kamrul and others},
  booktitle={CVPR workshops},
  pages={19--28},
  year={2019}
}

@inproceedings{dang2015raise,
  title={RAISE: A raw images dataset for digital image forensics},
  author={Dang-Nguyen, Duc-Tien and Pasquini, Cecilia and Conotter, Valentina and Boato, Giulia},
  booktitle={Proceedings of the 6th ACM multimedia systems conference},
  pages={219--224},
  year={2015}
}

@inproceedings{schaefer2003ucid,
  title={UCID: An uncompressed color image database},
  author={Schaefer, Gerald and Stich, Michal},
  booktitle={Storage and Retrieval Methods and Applications for Multimedia 2004},
  volume={5307},
  pages={472--480},
  year={2003},
  organization={SPIE}
}

@inproceedings{phan2019tracking,
  title={Tracking multiple image sharing on social networks},
  author={Phan, Quoc-Tin and Boato, Giulia and Caldelli, Roberto and Amerini, Irene},
  booktitle={ICASSP 2019-2019 IEEE International Conference on Acoustics, Speech and Signal Processing (ICASSP)},
  pages={8266--8270},
  year={2019},
  organization={IEEE}
}

@inproceedings{Phan2018,
    title={Identifying image provenance: an analysis of mobile instant messaging apps},
    author={{Q.-T. Phan, C. Pasquini, G. Boato, F. G. B. De Natale}},
    booktitle={IEEE 20th International Workshop on Multimedia Signal Processing},
    year={2018}
}

@inproceedings{hadwiger2021forchheim,
  title={The Forchheim image database for camera identification in the wild},
  author={Hadwiger, Benjamin and Riess, Christian},
  booktitle={International Conference on Pattern Recognition},
  pages={500--515},
  year={2021},
  organization={Springer}
}

@inproceedings{moltisanti2015image,
  title={Image manipulation on facebook for forensics evidence},
  author={Moltisanti, Marco and Paratore, Antonino and Battiato, Sebastiano and Saravo, Luigi},
  booktitle={International Conference on Image Analysis and Processing},
  pages={506--517},
  year={2015},
  organization={Springer}
}

@inproceedings{amerini2017tracing,
  title={Tracing images back to their social network of origin: A CNN-based approach},
  author={Amerini, Irene and Uricchio, Tiberio and Caldelli, Roberto},
  booktitle={2017 IEEE Workshop on Information Forensics and Security (WIFS)},
  pages={1--6},
  year={2017},
  organization={IEEE}
}

@inproceedings{phan2018identifying,
  title={Identifying image provenance: An analysis of mobile instant messaging apps},
  author={Phan, Quoc-Tin and Pasquini, Cecilia and Boato, Giulia and De Natale, Francesco GB},
  booktitle={2018 IEEE 20th International Workshop on Multimedia Signal Processing (MMSP)},
  pages={1--6},
  year={2018},
  organization={IEEE}
}

@inproceedings{giudice2017classification,
  title={A classification engine for image ballistics of social data},
  author={Giudice, Oliver and Paratore, Antonino and Moltisanti, Marco and Battiato, Sebastiano},
  booktitle={International Conference on Image Analysis and Processing},
  pages={625--636},
  year={2017},
  organization={Springer}
}

@inproceedings{tomasoni2022device,
    title={Sharing device identification on images from social media platforms},
    author={Tomasoni, Andrea and Verde, Sebastiano and Boato, Giulia},
    booktitle={accepted to IEEE workshop on Multimedia Signal Processing},
    year={2022}
}

% website
% as misc
% Required fields: none. 
% Optional fields: author, title, howpublished, month, year, note.
@misc{media_forensics_definition,
    key={Media Forensics definition},
    howpublished = {\url{https://artsandmedia.ucdenver.edu/areas-of-study/national-center-for-media-forensics/about-the-national-center-for-media-forensics}}
}

@misc{digitalizzazione,
    key={Digitalizzazione},
    howpublished = {\url{https://it.wikipedia.org/wiki/Digitalizzazione}}
}

@misc{chaffey,
    author = {Chaffey, Dave},
    title = {Global social media statistics research summary 2022},
    year = {2022},
    howpublished = {\\\url{https://www.smartinsights.com/social-media-marketing/social-media-strategy/new-global-social-media-research}}
}

@misc{pagano,
    author = {Pagano, Manuel},
    title = {Il fenomeno del deepfake: sappiamo distinguere cos’è vero?},
    year = {2021},
    howpublished = {\\\url{https://www.altalex.com/documents/news/2021/02/20/fenomeno-del-deepfake-sappiamo-distinguere-cos-e-vero}}
}

@misc{bartolucci,
    author = {Bartolucci, Sara},
    title = {Il ruolo dei social media nell’investigazione},
    year = {2016},
    howpublished = {\\\url{https://www.sicurezzaegiustizia.com/il-ruolo-dei-social-media-nellinvestigazione}}
}

@misc{kemp,
    author = {Kemp, Simon},
    title = {Digital 2022: Global Overview Report},
    year = {2022},
    howpublished = {\url{https://datareportal.com/reports/digital-2022-global-overview-report}}
}

@misc{nasim,
    author = {Mansurov, Nasim},
    title = {EXIF Data Explained},
    year = {2020},
    howpublished = {\url{https://photographylife.com/what-is-exif-data}}
}

@misc{pickle,
    key={Pickle},
    howpublished = {\url{https://docs.python.org/3/library/pickle.html}}
}

@misc{numpy,
    key={Numpy},
    howpublished = {\url{https://numpy.org/}}
}

@misc{dimreduction,
    key={Dimensionality reduction},
    howpublished = {\url{https://en.wikipedia.org/wiki/Dimensionality\textunderscore reduction}}
}

@misc{isomap,
    key={Isomap},
    howpublished = {\url{https://en.wikipedia.org/wiki/Isomap}}
}

@misc{scikitlearn,
    key={Scikit-Learn},
    howpublished = {\url{https://scikit-learn.org/stable/index.html}}
}

@misc{matplotlib,
    key={Matplotlib},
    howpublished = {\url{https://matplotlib.org/}}
}

